@ARTICLE{10335618,
	author={Wang, Xinshun and Zhang, Wanying and Wang, Can and Gao, Yuan and Liu, Mengyuan},
	journal={IEEE Transactions on Image Processing}, 
	title={Dynamic Dense Graph Convolutional Network for Skeleton-Based Human Motion Prediction}, 
	year={2024},
	volume={33},
	number={},
	pages={1-15},
	keywords={Message passing;Skeleton;Trajectory;Dynamics;Convolutional neural networks;Convolution;Task analysis;Human motion prediction;skeleton sequence;graph convolutional network},
}

@ARTICLE{1284395,
	author={Zhou Wang and Bovik, A.C. and Sheikh, H.R. and Simoncelli, E.P.},
	journal={IEEE Transactions on Image Processing}, 
	title={Image quality assessment: from error visibility to structural similarity}, 
	year={2004},
	volume={13},
	number={4},
	pages={600-612},
	keywords={Image quality;Humans;Transform coding;Visual system;Visual perception;Data mining;Layout;Quality assessment;Degradation;Indexes},
}

@misc{666,
	title={计算机组成原理},
	author={白中英},
	journal={Flash MX 完全手册},
	year={2000},
	publisher={电子工业出版社}
}
